<?xml version="1.0" encoding="UTF-8"?><collection xmlns="http://www.loc.gov/MARC21/slim"><record><leader>00405nam--2200133-i-4500</leader><controlfield tag="001">000031730</controlfield><controlfield tag="002">20161230</controlfield><controlfield tag="005">20161230201038</controlfield><controlfield tag="008">060222s1000------------r-----000-0-eng-d</controlfield><datafield ind1=" " ind2=" " tag="100"><subfield code="a">Linnik, Y.V</subfield></datafield><datafield ind1=" " ind2=" " tag="245"><subfield code="a">Methode des moindres carres. elements de la theorie du traitement statistique des observations</subfield></datafield><datafield ind1=" " ind2=" " tag="260"><subfield code="a">Paris, Dunod, 1963. X+356p</subfield></datafield><datafield ind1=" " ind2=" " tag="490"><subfield code="a">Travaux Et Recherches Mathematiques</subfield></datafield><datafield ind1=" " ind2=" " tag="852"><subfield code="a">13953</subfield></datafield></record></collection>